@article{data,
    author = {P. Cortez and A. Cerdeira and F. Almeida and T. Matos and J. Reis},
    title = {Modeling wine preferences by data mining from physicochemical properties},
    journal = {Decision Support Systems, Elsevier},
    year = {2009},
    volume = {47},
    number = {4},
    pages = {547-553}
}

@book{example,
    author = {Murphy, Kevin P.},
    title = {Machine Learning: A Probabilistic Perspective},
    year = {2012},
    isbn = {0262018020, 9780262018029},
    publisher = {The MIT Press},
}